% Tratar de dejar ordenadas las entradas bibliográficas por clave. Poner las claves en formato <AppellidoAutorAño> cuando sea posible, sino, <PrimeraPalabraTítuloAño> para evitar que haya entradas repetidas. No cambiar las ya introducidas (salvo ordenar alguna de vez en cuando).

@online{agenda2030espana,
  author       = {{Pacto Mundial}},
  title        = {Desarrollo sostenible: Tejiendo la Agenda 2030 en España},
  year         = {2025},
  url          = {https://www.pactomundial.org/noticia/desarrollo-sostenible-tejiendo-la-agenda-2030-en-espana/#agenda-2030-para-el-desarrollo-sostenible}
}

@inproceedings{AlHammouri2007,
  author    = {Al-Hammouri, A. T. and {Zeigler}, B. P. and {Nutaro}, J. J. and {Silver}, D. E. and {Kempker}, M. L.},
title     = {DEVS-based modeling and simulation of power systems},
    booktitle = {Proceedings of the 2007 summer computer simulation conference},
  pages     = {683--689},
  year      = {2007},
organization = {Society for Computer Simulation International}
}

@misc{futured2024,
  author       = {{Futured}},
  title        = {Flexibilidad en Redes de Distribución Eléctrica},
  year         = {2024},
  url          = {https://futured.es/wp-content/uploads/2024/05/Documento-Futured-Flexibilidad-en-Redes-de-Distribucion-Electrica.pdf},
}

@book{Kramer2017,
  title={Genetic algorithms},
  author={Kramer, Oliver and Kramer, Oliver},
  year={2017},
  publisher={Springer}
}

@inproceedings{Lasseter2002,
  author    = {Lasseter, R.H.},
  booktitle = {2002 IEEE Power Engineering Society Winter Meeting. Conference Proceedings (Cat. No.02CH37309)},
  title     = {MicroGrids},
  year      = {2002},
  volume    = {1},
  pages     = {305-308 vol.1},
  doi       = {10.1109/PESW.2002.985003}
}

@inproceedings{Liu2008,
  author    = {Liu, Yan and Wainer, Gabriel A.},
  title     = {Applying {DEVS} to Formal Specification of Network Protocols},
  booktitle = {Proceedings of the 2008 Spring simulation multiconference},
  pages     = {44--51},
  year      = {2008},
  organization = {Society for Modeling \& Simulation International}
}

@article{Logenthiran2012,
  author    = {Logenthiran, T. and Srinivasan, D. and Shun, T. Z.},
  title     = {Demand Side Management in Smart Grid Using Heuristic Optimization},
  journal   = {IEEE Transactions on Smart Grid},
  volume    = {3},
  number    = {3},
  pages     = {1244--1252},
  year      = {2012},
  doi       = {10.1109/TSG.2012.2195686}
}

@article{Nutaro2010,
  author    = {Nutaro, James J.},
  title     = {An Acausal DEVS Model of Electrical Grids},
  journal   = {SIMULATION},
  volume    = {86},
  number    = {5-6},
  pages     = {355--369},
  year      = {2010},
  doi       = {10.1177/0037549709350103}
}

@online{ods11ciudades,
  author       = {{Pacto Mundial}},
  title        = {ODS 11: Ciudades y Comunidades Sostenibles},
  year         = {2025},
  url          = {https://www.pactomundial.org/ods/11-ciudades-y-comunidades-sostenibles/}
}

@inproceedings{Pipattanasomporn2009,
  author    = {Pipattanasomporn, M. and Feroze, H. and Rahman, S.},
  booktitle = {2009 IEEE/PES Power Systems Conference and Exposition},
  title     = {Multi-agent systems for DREMS (Distribution Real-Time Energy Management Systems)},
  year      = {2009},
  pages     = {1-8},
  doi       = {10.1109/PSCE.2009.4840147}
}

@article{Rajasekhar2021,
  author    = {Rajasekhar, B. and Gounden, R. Ramu and Subramani, Chithra and Salkuti, Surender Reddy},
  title     = {Simulated annealing based optimal energy management of smart grid with plug-in hybrid electric vehicle},
  journal   = {Sustainable Energy, Grids and Networks},
  volume    = {26},
  pages     = {100445},
  year      = {2021},
  doi       = {10.1016/j.segan.2021.100445}
}

@book{Talbi2009,
  author    = {Talbi, El-Ghazali},
  title     = {Metaheuristics: From Design to Implementation},
  publisher = {John Wiley \& Sons},
  year      = {2009},
  isbn      = {978-0470278581}
}

@online{estrategiaDesarrolloSostenible2022,
  author       = {{Ministerio de Derechos Sociales y Agenda 2030}},
  title        = {Estrategia de Desarrollo Sostenible 2030},
  year         = {2022},
  url          = {https://www.dsca.gob.es/sites/default/files/derechos-sociales/eds-cast-acce.pdf}
}
@online{fcirceFlexibilidad2023,
  author       = {{Fundación CIRCE}},
  title        = {La flexibilidad en la red eléctrica: el papel de la gestión de la demanda},
  year         = {2023},
  url          = {https://www.fcirce.es/blog/flexibilidad-red-electrica-gestion-de-la-demanda}
}
@online{objetivosReduccion2025,
  author       = {{Ministerio para la Transición Ecológica y el Reto Demográfico}},
  title        = {Objetivos de reducción de emisiones de gases de efecto invernadero},
  year         = {2025},
  url          = {https://www.miteco.gob.es/es/cambio-climatico/temas/mitigacion-politicas-y-medidas/objetivos.html#:~:text=A%20su%20vez%2C%20la,conjunto%20de%20toda%20la%20econom%C3%ADa.}
}
@online{cordisPredicting2023,
  author       = {{CORDIS}},
  title        = {Predicción de las fluctuaciones en la generación de energía renovable},
  year         = {2023},
  url          = {https://cordis.europa.eu/article/id/436645-predicting-fluctuations-in-renewable-energy-generation/es}
}
@article{Impram2020ChallengesOR,
  title={Challenges of renewable energy penetration on power system flexibility: A survey},
  author={Semich Impram and Seçil Varbak Neşe and B{\"u}lent Oral},
  journal={Energy Strategy Reviews},
  year={2020},
  volume={31},
  pages={100539},
  url={https://api.semanticscholar.org/CorpusID:225304805}
}
@article{Rahman2024AnOO,
  title={An Overview of Power System Flexibility: High Renewable Energy Penetration Scenarios},
  author={Md. Motinur Rahman and Saikot Hossain Dadon and Miao He and Michael Giesselmann and Md Mahmudul Hasan},
  journal={Energies},
  year={2024},
  url={https://api.semanticscholar.org/CorpusID:274924755}
}
@Article{renewableRevolution2024,
AUTHOR = {Shahzad, Sulman and Jasińska, Elżbieta},
TITLE = {Renewable Revolution: A Review of Strategic Flexibility in Future Power Systems},
JOURNAL = {Sustainability},
VOLUME = {16},
YEAR = {2024},
NUMBER = {13},
ARTICLE-NUMBER = {5454},
URL = {https://www.mdpi.com/2071-1050/16/13/5454}
}
@online{demandresponse2025,
    title     = {What is Demand Response and How Does it Work?},
    author    = {{Enel X Corporate}},
    year      = {2025},
    url       = {https://corporate.enelx.com/es/question-and-answers/what-is-demand-response-how-does-it-work}
}
@ARTICLE{surveyDemand2015,
  author={Vardakas, John S. and Zorba, Nizar and Verikoukis, Christos V.},
  journal={IEEE Communications Surveys \& Tutorials}, 
  title={A Survey on Demand Response Programs in Smart Grids: Pricing Methods and Optimization Algorithms}, 
  year={2015},
  volume={17},
  number={1},
  pages={152-178}
}
@online{IBMIoT2025,
    title     = {¿Qué es el IoT?},
    author    = {{IBM}},
    year      = {2025},
    url       = {https://www.ibm.com/es-es/topics/internet-of-things}
}
@inproceedings{ioT2023,
author = {Saffarie, Mehrdad and Rahseparfard, Kheirollah},
year = {2023},
month = {02},
pages = {105-114},
title = {A Survey on IoT-based Smart-Grid Overview},
doi = {10.5121/csit.2023.130309}
}
@article{prosumers2021,
author = {Mir-Artigues, Pere and Del Rio, Pablo},
year = {2021},
month = {02},
pages = {1114},
title = {Prosumers’ Behavior under a Regulation That Encourages Strict Self-Sufficiency. The Case of Spanish Photovoltaic Micro-Generation}
}
@online{PG2025,
    title     = {Programas de respuesta a la demanda (demand response, DR)},
    author    = {{PG\&E}},
    year      = {2025},
    url       = {https://www.pge.com/es/save-energy-and-money/energy-saving-programs/demand-response-programs.html}
}
@online{Edison2025,
    title     = {Programas de Respuesta a la Demanda para Hogares},
    author    = {{SC Edison}},
    year      = {2025},
    url       = {https://www.sce.com/es/residential/demand-response}
}
@online{Trane2025,
    title     = {Respuesta de la demanda},
    author    = {{Trane}},
    year      = {2025},
    url       = {https://www.trane.com/commercial/latin-america/sv/es/services/energy-and-sustainability/active-energy-management/demand-response.html}
}
@online{Google2025,
    title     = {Google Home},
    author    = {{Google}},
    year      = {2025},
    url       = {https://home.google.com/intl/es_es/welcome/}
}
@online{Alexa2025,
    title     = {Alexa Smart Home},
    author    = {{Amazon}},
    year      = {2025},
    url       = {https://www.amazon.com/-/es/b?ie=UTF8&node=21442899011}
}
@online{BSH2025,
    title     = {Home Connect},
    author    = {{BSH Electrodomésticos}},
    year      = {2025},
    url       = {https://www.bsh-group.com/es/marcas-y-productos/home-connect#:~:text=Home%20Connect%20%7C%20BSH%20Electrodom%C3%A9sticos%20Espa%C3%B1a}
}
@article{LCP2025,
author = {{LCP Delta}},
year = {2024},
month = {09},
pages = {31},
title = {How can energy retailers become the leading players in the HEM market?}
}
@misc{pniec2021,
  author = {{Ministerio para la Transición Ecológica y el Reto Demográfico}},
  title = {Plan Nacional Integrado de Energía y Clima 2021-2030},
  year = {2021},
  url = {https://energia.gob.es/es-es/Paginas/PNIEC.aspx}
}
@misc{gestionDemanda2022,
  author = {{Red Eléctrica de España}},
  title = {La gestión de la demanda en el sistema eléctrico español},
  year = {2022},
  url = {https://www.ree.es/es/sostenibilidad/gestion-de-la-demanda}
}

@article{RiscoMartin2023,
  title={x{DEVS}: {A} toolkit for interoperable modeling and simulation of formal discrete event systems},
  author={Risco-Mart{\'\i}n, Jos{\'e} L and Mittal, Saurabh and Henares, Kevin and Cardenas, Rom{\'a}n and Arroba, Patricia},
  journal={Software: Practice and Experience},
  volume={53},
  number={3},
  pages={748--789},
  year={2023},
  publisher={Wiley Online Library}
}

@Book{Zeigler2018,
  title     = {Theory of modeling and simulation: discrete event \& iterative system computational foundations},
  publisher = {Academic Press},
  year      = {2018},
  author    = {Bernard P. Zeigler and Alexandre Muzy and Ernesto Kofman},
}
@online{cuerva2025,
  author        = {Moreno, José Manuel},
  title         = {Tendencias energéticas 2025: lo que se viene este año},
  organization  = {Cuerva Energía},
  date          = {2025-03-03},
  url           = {https://cuervaenergia.com/es/comunidad/innovacion/tendencias-energeticas-para-este-2025/}
}
@online{valgrai2025,
  author        = {Fernando M.},
  title         = {ValgrAI y el Clúster de Energía reúnen a especialistas para trazar el futuro del sector energético con inteligencia artificial},
  organization  = {Fundación ValgrAI},
  date          = {2025-03-27},
  url           = {https://valgrai.eu/es/2025/03/27/valgrai-y-el-cluster-de-energia-reunen-a-especialistas-para-trazar-el-futuro-del-sector-energetico-con-inteligencia-artificial/}
}
@article{restrepo2024,
  author       = {Restrepo Betancur, Luis Fernando},
  title        = {Crecimiento poblacional urbano a nivel mundial en las últimas seis décadas},
  journal      = {Anales de Geografía de la Universidad Complutense},
  year         = {2024},
  volume       = {44},
  number       = {1},
  pages        = {277--295},
  doi          = {10.5209/aguc.94213},
  url          = {https://doi.org/10.5209/aguc.94213}
}
@online{enertic2025,
  author        = {Plataforma enerTIC.org},
  title         = {NP: enerTIC identifica las grandes tendencias de 2025 en digitalización para la sostenibilidad},
  date          = {2025-02-04},
  url           = {https://enertic.org/np-enertic-identifica-las-grandes-tendencias-de-2025-en-digitalizacion-para-la-sostenibilidad/}
}

@techreport{smartcitycluster2025,
  author        = {Smart City Cluster},
  title         = {Informe de Tendencias 2025},
  institution   = {Smart City Cluster},
  type          = {Dossier},
  date          = {2025-01},
  url           = {https://smartcitycluster.org/wp-content/uploads/2025/01/DOSSIER-TENDENCIAS-2025.pdf}
}
@techreport{odyssee2024,
  author       = {Pilar de Arriba Segurado},
  title        = {Informe nacional de eficiencia energética: España},
  institution  = {Odyssee-MURE Project},
  year         = {2024},
  url          = {https://www.odyssee-mure.eu/publications/national-reports/espana-eficiencia-energetica.pdf}
}
@online{mitma2021,
  title        = {La Ley de Cambio Climático y Transición Energética es ya una realidad},
  organization = {Ministerio de Transportes, Movilidad y Agenda Urbana (Gobierno de España)},
  year         = {2021},
  url          = {https://esmovilidad.transportes.gob.es/noticias/la-ley-de-cambio-climatico-y-transicion-energetica-es-ya-una-realidad}
}
@misc{iberdrolaFlexibilidad2024,
  author       = {{Iberdrola}},
  title        = {Flexibilidad en el sistema eléctrico},
  howpublished = {\url{https://www.iberdrola.com/innovacion/flexibilidad-sistema-electrico}},
  year         = {2024}
}

@misc{cuervaFlexibilidad2024,
  author       = {{Cuerva Energía}},
  title        = {Flexibilidad energética},
  howpublished = {\url{https://cuervaenergia.com/es/comunidad/nuevos-roles-de-la-energia/flexibilidad-energetica/}},
  year         = {2024}
}

@misc{elperiodicoFlexibilidad2024,
  author       = {El Periódico de la Energía},
  title        = {Europa desperdicia su capacidad eléctrica por falta de flexibilidad en la red},
  howpublished = {\url{https://elperiodicodelaenergia.com/europa-desperdicia-su-capacidad-electrica-por-falta-de-flexibilidad-en-la-red/}},
  year         = {2024}
}
@misc{centralesVirtuales2024,
  author       = {{CORDIS}},
  title        = {Las centrales eléctricas virtuales y los mercados de flexibilidad orquestan el paso a una producción consciente de la red},
  howpublished = {\url{https://cordis.europa.eu/article/id/451906-virtual-power-plants-and-flexibility-markets-orchestrate-the-shift-to-grid-aware-producti/es}},
  year         = {2024}
}

@misc{cordisParticipation2024,
  author       = {{CORDIS}},
  title        = {Facilitación de la participación: liberar el potencial de la flexibilidad energética},
  howpublished = {\url{https://cordis.europa.eu/article/id/449486-facilitating-participation-unleashing-energy-flexibility-s-potential/es}},
  year         = {2024}
}
@misc{irenaFlexibilidad2018,
  author       = {{IRENA}},
  title        = {Flexibilidad del sistema eléctrico: el papel cambiante del operador del sistema. Parte I: Conceptos, herramientas y metodologías},
  howpublished = {\url{https://www.irena.org/-/media/Files/IRENA/Agency/Publication/2018/Nov/IRENA_Power_system_flexibility_Part_I_ES.pdf}},
  year         = {2018}
}
@article{ OptimizationSimulatedAnnealing1983,
author = {S. Kirkpatrick  and C. D. Gelatt  and M. P. Vecchi },
title = {Optimization by Simulated Annealing},
journal = {Science},
volume = {220},
number = {4598},
pages = {671-680},
year = {1983},
doi = {10.1126/science.220.4598.671},
URL = {https://www.science.org/doi/abs/10.1126/science.220.4598.671}}

@misc{simulatedAnnealingAlgoritmo2021,
  author       = {Baeldung},
  title        = {Simulated Annealing - Baeldung on Computer Science},
  year         = {2021},
  howpublished = {\url{https://www.baeldung.com/cs/simulated-annealing}}
}
@article{fardSimulated2020,
  author    = {Ali Fard and Shahram Makki and Nasser Ghasem-Aghaee},
  title     = {A simulated annealing-based meta-heuristic algorithm to solve the multi-objective flexible job-shop scheduling problem},
  journal   = {Multimedia Tools and Applications},
  volume    = {79},
  number    = {31–32},
  pages     = {29821--29849},
  year      = {2020},
  publisher = {Springer},
  doi       = {10.1007/s11042-020-09186-w},
  url       = {https://sci-hub.st/10.1007/s11042-020-09186-w}
}
@article{rahmani2022,
  author  = {Rahmani-Andebili, Mehdi},
  title   = {Home Energy Management Systems: A Review of Modelling and Complexity},
  journal = {Renewable and Sustainable Energy Reviews},
  year    = {2022},
  url     = {https://www.researchgate.net/publication/309229022_Home_Energy_Management_Systems_A_Review_of_Modelling_and_Complexity}
}
@misc{octopus2024,
  author       = {{Octopus Energy España}},
  title        = {Intelligent Octopus Go: la nueva tarifa de Octopus Energy para cargar el coche eléctrico en casa a precio de capuccino},
  year         = {2024},
  url          = {https://octopusenergy.es/intelligent-octopus-go-la-nueva-tarifa-de-octopus-energy-para-cargar-el-coche-electrico-en-casa-a-precio-de-capuccino}
}
@misc{iberdrola2025,
  author       = {{Iberdrola2025}},
  title        = {Asistente Smart: el aliado para mejorar tu eficiencia energética},
  year         = {2025},
  url          = {https://www.iberdrola.es/eficiencia-energetica/asistente-smart-avanzado}
}
@misc{ainaralarbi2025,
  author       = {Ainara Larinaga Bidegain},
  title        = {Optimizador de Consumo Energético Doméstico con Simulación DEVS y Recocido Simulado},
  year         = {2025},
  howpublished = {\url{https://github.com/ainaralarbi/tfm-ainara.git}}
}
@online{odysseeSpain2024,
  title        = {Spain: Energy Efficiency Profile},
  organization = {Odyssee-MURE Project},
  year         = {2024},
  url          = {https://www.odyssee-mure.eu/publications/efficiency-trends-policies-profiles/spain.html},
  urldate      = {2025-04-16},
  langid       = {english},
  note         = {Efficiency Trends and Policies Profiles}
}
@techreport{eurostat2023buildings,
  title        = {Energy consumption in households},
  institution  = {Eurostat},
  year         = {2023},
  url          = {https://ec.europa.eu/eurostat/statistics-explained/SEPDF/cache/58200.pdf}
}
@article{kirkpatrick1983,
  author  = {Kirkpatrick, S. and Gelatt, C. D. and Vecchi, M. P.},
  title   = {Optimization by Simulated Annealing},
  journal = {Science},
  volume  = {220},
  number  = {4598},
  pages   = {671--680},
  year    = {1983},
  doi     = {10.1126/science.220.4598.671},
  url     = {https://doi.org/10.1126/science.220.4598.671}
}
@inbook{Grieves2017,
author = {Grieves, Michael and Vickers, John},
year = {2017},
month = {08},
pages = {85-113},
title = {Digital Twin: Mitigating Unpredictable, Undesirable Emergent Behavior in Complex Systems},
isbn = {978-3-319-38754-3},
doi = {10.1007/978-3-319-38756-7_4}
}
@article{Kalaida2024,
author = {Kalaida, A.V. and Pan, M.P.},
year = {2024},
month = {12},
pages = {2-7},
title = {CREATING DIGITAL TWINS OF SMART BUILDINGS ON THE AZURE DIGITAL TWINS PLATFORM},
volume = {6},
journal = {Municipal economy of cities},
doi = {10.33042/2522-1809-2024-6-187-2-7}
}

@article{Zeigler2000,
author = {Zeigler, Bernard and Prähofer, Herbert and Kim, Tag Gon},
year = {2000},
month = {01},
pages = {},
title = {Theory of Modeling and Simulation: Integrating Discrete Event and Continuous Complex Dynamic Systems},
volume = {2}
}
@INPROCEEDINGS{Tendeloo2019,
  author={Tendeloo, Yentl Van and Vangheluwe, Hans and Franceschini, Romain},
  booktitle={2019 Winter Simulation Conference (WSC)}, 
  title={An Introduction to Modeling and Simulation with (Python(P))DEVS}, 
  year={2019},
  pages={1415-1429},
  keywords={Integrated circuits;Color;Tutorials;Formal specifications;Semantics;Delays;Visualization},
  doi={10.1109/WSC40007.2019.9004690}}
@INPROCEEDINGS{Wainer2013b,
  author={Wainer, Gabriel A. and Tavanpour, Misagh and Broutin, Emilie},
  booktitle={2013 Winter Simulations Conference (WSC)}, 
  title={Application of the DEVS and Cell-DEVS formalisms for modeling networking applications}, 
  year={2013},
  pages={2923-2934},
  doi={10.1109/WSC.2013.6721661}}
@INPROCEEDINGS{Liu2008b,
  author={Liu, Qi and Wainer, Gabriel},
  booktitle={2008 12th IEEE/ACM International Symposium on Distributed Simulation and Real-Time Applications}, 
  title={Lightweight Time Warp– A Novel Protocol for Parallel Optimistic Simulation of Large-Scale DEVS and Cell-DEVS Models}, 
  year={2008},
  pages={131-138},
  doi={10.1109/DS-RT.2008.15}}
@INPROCEEDINGS{Wang2020,
  author={WANG, Chen and ZHANG, Pengfei},
  booktitle={2020 International Conference on Computer Science and Management Technology (ICCSMT)}, 
  title={Energy Management Strategy of Energy Local Network Based on Energy Storage Virtual Queue}, 
  year={2020},
  pages={249-253},
  doi={10.1109/ICCSMT51754.2020.00058}}
@INPROCEEDINGS{Alshareef2016,
  author={Alshareef, Abdurrahman and Sarjoughian, Hessam S. and Zarrin, Bahram},
  booktitle={2016 Symposium on Theory of Modeling and Simulation (TMS-DEVS)}, 
  title={An an approach for activity-based DEVS model specification}, 
  year={2016},
  pages={1-8},
  doi={10.23919/TMS.2016.7918831}}
@INPROCEEDINGS{Shang2008,
  author={Shang, Hui and Wainer, Gabriel A.},
  booktitle={41st Annual Simulation Symposium (anss-41 2008)}, 
  title={Dynamic Structure DEVS: Improving the Real-Time Embedded Systems Simulation and Design}, 
  year={2008},
  pages={271-278},
  doi={10.1109/ANSS-41.2008.19}}
@INPROCEEDINGS{Vergara2015,
  author={Vergara, Pedro P. and Torquato, Ricardo and da Silva, Luiz C. P.},
  booktitle={2015 IEEE Power & Energy Society General Meeting}, 
  title={Towards a real-time Energy Management System for a Microgrid using a multi-objective genetic algorithm}, 
  year={2015},
  pages={1-5},
  doi={10.1109/PESGM.2015.7285956}}
@INPROCEEDINGS{Bjaoui2025,
  author={Bjaoui, Marwen and Khemiri, K. and Khemissi, L. and Djebali, R. and Sellami, A.},
  booktitle={2025 15th International Renewable Energy Congress (IREC)}, 
  title={Optimized Energy Management Strategy for Non-Autonomous Microgrids Using Crow Search Optimization}, 
  year={2025},
  pages={1-6},
  doi={10.1109/IREC64614.2025.10926810}}
@INPROCEEDINGS{Feng2020,
  author={Feng, Zhou and Ling, Feng and Jinyang, Jiang and Yingying, Cheng and Zhihua, Tian and Jiaming, Zhang and Jie, Du and Ji, Xiao},
  booktitle={2020 IEEE 9th Joint International Information Technology and Artificial Intelligence Conference (ITAIC)}, 
  title={Electric Energy Management Method Based on Binary Genetic Algorithm}, 
  year={2020},
  volume={9},
  pages={1222-1225},
  doi={10.1109/ITAIC49862.2020.9338825}}
@INPROCEEDINGS{Siregar2024,
  author={Siregar, Yulianta and Pinem, Maksum and Saputra, Sandy Armando},
  booktitle={2024 8th International Conference on Electrical, Telecommunication and Computer Engineering (ELTICOM)}, 
  title={Performance Comparison of Ant Colony Optimization and Symbiotic Organism Search In Smart Home Energy Management Systems}, 
  year={2024},
  pages={263-267},
  doi={10.1109/ELTICOM64085.2024.10864503}}
@INPROCEEDINGS{Singh2024,
  author={Singh, Gurjot and Mishra, Vishnu Mangalam and Bhatnagar, Abhi and Kumar, Astitva},
  booktitle={2024 IEEE Third International Conference on Power Electronics, Intelligent Control and Energy Systems (ICPEICES)}, 
  title={Comparative Analysis of Cluster Specific Approach for Energy Management Using Meta-Heuristic Techniques}, 
  year={2024},
  pages={643-648},
  doi={10.1109/ICPEICES62430.2024.10719192}}
@misc{keepcoding2023convergencia,
  author       = {KeepCoding},
  title        = {Criterios de convergencia en Data Mining},
  year         = {2023},
  howpublished = {\url{https://keepcoding.io/blog/criterios-de-convergencia-en-data-mining/}}
}

@article{Wainer2013,
  author    = {Wainer, Gabriel A. and Castro, Rodrigo},
  title     = {The Application of the DEVS Formalism to the Simulation of Computer Networks: A Survey and New Trends},
  journal   = {Simulation Notes Europe (SNE)},
  volume    = {23},
  number    = {3-4},
  pages     = {119--130},
  year      = {2013},
  doi       = {10.11128/sne.23.sn.10204}
}
@article{dominguez2022overview,
  title={An overview of IoT architectures, technologies, and existing open-source projects},
  author={Dom{\'\i}nguez-Bola{\~n}o, Tom{\'a}s and Campos, Omar and Barral, Valent{\'\i}n and Escudero, Carlos J and Garc{\'\i}a-Naya, Jos{\'e} A},
  journal={Internet of Things},
  volume={20},
  pages={100626},
  year={2022},
  publisher={Elsevier}
}